<?xml version="1.0" encoding="UTF-8"?><collection xmlns="http://www.loc.gov/MARC21/slim"><record><leader>00358nam--2200133-i-4500</leader><controlfield tag="001">000037440</controlfield><controlfield tag="002">20161230</controlfield><controlfield tag="005">20161230201041</controlfield><controlfield tag="008">060222s1000------------r-----000-0-eng-d</controlfield><datafield ind1=" " ind2=" " tag="100"><subfield code="a">Quadrat, O., Koritta, J</subfield></datafield><datafield ind1=" " ind2=" " tag="245"><subfield code="a">A study of malleable cast iron</subfield></datafield><datafield ind1=" " ind2=" " tag="260"><subfield code="a">Prague, 1926, 7p</subfield></datafield><datafield ind1=" " ind2=" " tag="490"><subfield code="a">Reprint No.26-21. American Foundrymen`S Association</subfield></datafield><datafield ind1=" " ind2=" " tag="852"><subfield code="a">1531</subfield></datafield></record></collection>